@misc{syllabus,
  title={Official ISTQB® CTFL Syllabus - Magyar},
  author={Klaus Olsen, Meile Posthuma and Stephanie Ulrich},
  translator={Albert Laura, Gillespie Raymond, Frei Dávid, Horváth
  Ágota, Horváth Tamás, Mátyás Márton, Medzihradszky Dénes, Stöckert Tamás},
  year={2018},
  publisher={International Software Testing Qualifications Board}
}

@online{computerworld,
title={Mit csinál a tesztelő?},
author={Molnár Richárd},
url={https://computerworld.hu/karrier/mit-csinal-a-tesztelo-278889.html},
urldate={2020 május 17. 08:07}
}

@online{guru99,
title={What is Adhoc Testing?},
author={Thomas Hamilton},
url={https://www.guru99.com/adhoc-testing.html},
urldate={December 25, 2021}
}
@article{horvath2006szisztematikus,
	title={Szisztematikus m{\'o}dszertan vezet{\'e}k n{\'e}lk{\"u}li adath{\'a}l{\'o}zatok tesztel{\'e}s{\'e}re {\'e}s anal{\'\i}zis{\'e}re},
	author={Horv{\'a}th, Zolt{\'a}n},
	year={2006}
}
@article{nidhra2012black,
	title={Black box and white box testing techniques-a literature review},
	author={Nidhra, Srinivas and Dondeti, Jagruthi},
	journal={International Journal of Embedded Systems and Applications (IJESA)},
	volume={2},
	number={2},
	pages={29--50},
	year={2012}
}
@book{nelson2009accelerated,
	title={Accelerated testing: statistical models, test plans, and data analysis},
	author={Nelson, Wayne B},
	year={2009},
	publisher={John Wiley \& Sons}
}
