@misc{syllabus,
  title={Official ISTQB® CTFL Syllabus - Magyar},
  author={Klaus Olsen, Meile Posthuma and Stephanie Ulrich},
  translator={Albert Laura, Gillespie Raymond, Frei Dávid, Horváth
  Ágota, Horváth Tamás, Mátyás Márton, Medzihradszky Dénes, Stöckert Tamás},
  page={11},
  year={2018},
  publisher={International Software Testing Qualifications Board}
}

@online{computerworld,
title={Mit csinál a tesztelő?},
author={Molnár Richárd},
url={https://computerworld.hu/karrier/mit-csinal-a-tesztelo-278889.html},
urldate={2020 május 17. 08:07}
}

@online{guru99,
title={What is Adhoc Testing?},
author={Thomas Hamilton},
url={https://www.guru99.com/adhoc-testing.html},
urldate={December 25, 2021}
}

@misc{syllabus2,
	title={Official ISTQB® CTFL Syllabus - Magyar},
	author={Klaus Olsen, Meile Posthuma and Stephanie Ulrich},
	translator={Albert Laura, Gillespie Raymond, Frei Dávid, Horváth
	Ágota, Horváth Tamás, Mátyás Márton, Medzihradszky Dénes, Stöckert Tamás},
	page={56-60},
	year={2018},
	publisher={International Software Testing Qualifications Board}
}
@misc{syllabus3,
	title={Official ISTQB® CTFL Syllabus - Magyar},
	author={Klaus Olsen, Meile Posthuma and Stephanie Ulrich},
	translator={Albert Laura, Gillespie Raymond, Frei Dávid, Horváth
	Ágota, Horváth Tamás, Mátyás Márton, Medzihradszky Dénes, Stöckert Tamás},
	page={67},
	year={2018},
	publisher={International Software Testing Qualifications Board}
}
@misc{syllabus4,
	title={Official ISTQB® CTFL Syllabus - Magyar},
	author={Klaus Olsen, Meile Posthuma and Stephanie Ulrich},
	translator={Albert Laura, Gillespie Raymond, Frei Dávid, Horváth
	Ágota, Horváth Tamás, Mátyás Márton, Medzihradszky Dénes, Stöckert Tamás},
	page={68},
	year={2018},
	publisher={International Software Testing Qualifications Board}
}
